




@inproceedings{qualityScore,
  title={The anatomy of a large-scale social search engine},
  author={Horowitz, Damon and Kamvar, Sepandar D},
  booktitle={International Conference on World wide web},
  pages={431--440},
  year={2010},
  organization={ACM}
}

@inproceedings{kavya2016coverage,
  title={Coverage Patterns-Based Approach to Allocate Advertisement Slots for Display Advertising},
  author={Kavya, Vaddadi Naga Sai and Reddy, P Krishna},
  booktitle={International Conference on Web Engineering},
  pages={152--169},
  year={2016},
  organization={Springer}
}


@inproceedings{CABSDATA,
  title={The metadata triumvirate: Social annotations, anchor texts and search queries},
  author={Noll, Michael G and Meinel, Christoph},
  booktitle={Web Intelligence and Intelligent Agent Technology},
  volume={1},
  pages={640--647},
  year={2008},
  organization={IEEE}
}

@inproceedings{agrawal2013multi,
  title={Multi-label learning with millions of labels: Recommending advertiser bid phrases for web pages},
  author={Agrawal, Rahul and Gupta, Archit and Prabhu, Yashoteja and Varma, Manik},
  booktitle={International Conference on World Wide Web},
  pages={13--24},
  year={2013},
  organization={ACM}
}


@inproceedings{thomaidou2011multiword,
  title={Multiword keyword recommendation system for online advertising},
  author={Thomaidou, Stamatina and Vazirgiannis, Michalis},
  booktitle={Advances in Social Networks Analysis and Mining (ASONAM), 2011 International Conference on},
  pages={423--427},
  year={2011},
  organization={IEEE}
}

@article{edelman2007strategic,
  title={Strategic bidder behavior in sponsored search auctions},
  author={Edelman, Benjamin and Ostrovsky, Michael},
  journal={Decision support systems},
  volume={43},
  number={1},
  pages={192--198},
  year={2007},
  publisher={Elsevier}
}

@article{kitts2004optimal,
  title={Optimal bidding on keyword auctions},
  author={Kitts, Brendan and Leblanc, Benjamin},
  journal={Electronic Markets},
  volume={14},
  number={3},
  pages={186--201},
  year={2004},
  publisher={Taylor \& Francis}
}

@inproceedings{asdemir2006bidding,
  title={Bidding patterns in search engine auctions},
  author={Asdemir, Kursad},
  booktitle={Workshop on Sponsored Search Auctions},
  year={2006}
}


@inproceedings{aggarwal2006truthful,
  title={Truthful auctions for pricing search keywords},
  author={Aggarwal, Gagan and Goel, Ashish and Motwani, Rajeev},
  booktitle={Conference on Electronic commerce},
  pages={1--7},
  year={2006},
  organization={ACM}
}

@inproceedings{hillard2010improving,
  title={Improving ad relevance in sponsored search},
  author={Hillard, Dustin and Schroedl, Stefan and Manavoglu, Eren and Raghavan, Hema and Leggetter, Chirs},
  booktitle={International Conference on Web Search and Data Mining},
  pages={361--370},
  year={2010},
  organization={ACM}
}


@inproceedings{broder2008search,
  title={Search advertising using web relevance feedback},
  author={Broder, Andrei Z and Ciccolo, Peter and Fontoura, Marcus and Gabrilovich, Evgeniy and Josifovski, Vanja and Riedel, Lance},
  booktitle={International Conference on Information and Knowledge Management},
  pages={1013--1022},
  year={2008},
  organization={ACM}
}

@article{feng2007implementing,
  title={Implementing sponsored search in web search engines: Computational evaluation of alternative mechanisms},
  author={Feng, Juan and Bhargava, Hemant K and Pennock, David M},
  journal={INFORMS Journal on Computing},
  volume={19},
  number={1},
  pages={137--148},
  year={2007},
  publisher={INFORMS}
}

@inproceedings{broder2007robust,
  title={Robust classification of rare queries using web knowledge},
  author={Broder, Andrei Z and Fontoura, Marcus and Gabrilovich, Evgeniy and Joshi, Amruta and Josifovski, Vanja and Zhang, Tong},
  booktitle={International Conference on Research and Development in Information Retrieval},
  pages={231--238},
  year={2007},
  organization={ACM}
}

@inproceedings{aggarwal2008sponsored,
  title={Sponsored search auctions with markovian users},
  author={Aggarwal, Gagan and Feldman, Jon and Muthukrishnan, S and P{\'a}l, Martin},
  booktitle={International Workshop on Internet and Network Economics},
  pages={621--628},
  year={2008},
  organization={Springer}
}

@inproceedings{cary2007greedy,
  title={Greedy bidding strategies for keyword auctions},
  author={Cary, Matthew and Das, Aparna and Edelman, Ben and Giotis, Ioannis and Heimerl, Kurtis and Karlin, Anna R and Mathieu, Claire and Schwarz, Michael},
  booktitle={Conference on Electronic commerce},
  pages={262--271},
  year={2007},
  organization={ACM}
}

@article{ghose2009empirical,
  title={An empirical analysis of search engine advertising: Sponsored search in electronic markets},
  author={Ghose, Anindya and Yang, Sha},
  journal={Management Science},
  volume={55},
  number={10},
  pages={1605--1622},
  year={2009},
  publisher={INFORMS}
}

@article{rutz2011zooming,
  title={Zooming in on paid search ads-a consumer-level model calibrated on aggregated data},
  author={Rutz, Oliver J and Trusov, Michael},
  journal={Marketing Science},
  volume={30},
  number={5},
  pages={789--800},
  year={2011},
  publisher={INFORMS}
}

@article{yang2010analyzing,
  title={Analyzing the relationship between organic and sponsored search advertising: Positive, negative, or zero interdependence?},
  author={Yang, Sha and Ghose, Anindya},
  journal={Marketing Science},
  volume={29},
  number={4},
  pages={602--623},
  year={2010},
  publisher={INFORMS}
}

@article{zhang2014bid,
  title={Bid keyword suggestion in sponsored search based on competitiveness and relevance},
  author={Zhang, Ying and Zhang, Weinan and Gao, Bin and Yuan, Xiaojie and Liu, Tie-Yan},
  journal={Information Processing \& Management},
  volume={50},
  number={4},
  pages={508--523},
  year={2014},
  publisher={Elsevier}
}


@article{chvatal1979greedy,
  title={A greedy heuristic for the set-covering problem},
  author={Chvatal, Vasek},
  journal={Mathematics of Operations Research},
  volume={4},
  number={3},
  pages={233--235},
  year={1979},
  publisher={INFORMS}
}


@inproceedings{garey1974some,
  title={Some simplified NP-complete problems},
  author={Garey, Michael R and Johnson, David S and Stockmeyer, Larry},
  booktitle={Symposium on Theory of Computing},
  pages={47--63},
  year={1974},
  organization={ACM}
}

@inproceedings{wu1994verbs,
  title={Verbs semantics and lexical selection},
  author={Wu, Zhibiao and Palmer, Martha},
  booktitle={Annual meeting on Association for Computational Linguistics},
  pages={133--138},
  year={1994},
  organization={Association for Computational Linguistics}
}

@article{NLTK,
  title={Natural language toolkit},
  author={Loper, Edward and Bird, Steven},
  year={2005}
}



@inproceedings{keywordSugestion,
  title={Advertising keyword suggestion based on concept hierarchy},
  author={Chen, Yifan and Xue, Gui-Rong and Yu, Yong},
  booktitle={International Conference on Web Search and Data Mining},
  pages={251--260},
  year={2008},
  organization={ACM}
}

 @inproceedings{buildTaxonomy4,
  title={Web spam taxonomy},
  author={Gyongyi, Zoltan and Garcia-Molina, Hector},
  booktitle={International Workshop on Adversarial Information Retrieval on the Web (AIRWeb 2005)},
  year={2005}
}


 @article{ IABReport,
   title={IAB internet advertising
revenue report},
   year={2015},
   publisher={Interactive Advertising Bureau }
 }
 
 @inproceedings{shale,
  title={SHALE: an efficient algorithm for allocation of guaranteed display advertising},
  author={Bharadwaj, Vijay and Chen, Peiji and Ma, Wenjing and Nagarajan, Chandrashekhar and Tomlin, John and Vassilvitskii, Sergei and Vee, Erik and Yang, Jian},
  booktitle={International Conference on Knowledge Discovery and Data Mining},
  pages={1195--1203},
  year={2012},
  organization={ACM}
}
    
@article{nothman2013learning,
  title={Learning multilingual named entity recognition from Wikipedia},
  author={Nothman, Joel and Ringland, Nicky and Radford, Will and Murphy, Tara and Curran, James R},
  journal={Artificial Intelligence},
  volume={194},
  pages={151--175},
  year={2013},
  publisher={Elsevier}
}

@inproceedings{hu2009understanding,
  title={Understanding user's query intent with wikipedia},
  author={Hu, Jian and Wang, Gang and Lochovsky, Fred and Sun, Jian-tao and Chen, Zheng},
  booktitle={International Conference on World Wide Web},
  pages={471--480},
  year={2009},
  organization={ACM}
}




@inproceedings{chen2008advertising,
  title={Advertising keyword suggestion based on concept hierarchy},
  author={Chen, Yifan and Xue, Gui-Rong and Yu, Yong},
  booktitle={International Conference on Web Search and Data Mining},
  pages={251--260},
  year={2008},
  organization={ACM}
}

@inproceedings{cao2008context,
  title={Context-aware query suggestion by mining click-through and session data},
  author={Cao, Huanhuan and Jiang, Daxin and Pei, Jian and He, Qi and Liao, Zhen and Chen, Enhong and Li, Hang},
  booktitle={International Conference on Knowledge Discovery and Data Mining},
  pages={875--883},
  year={2008},
  organization={ACM}
}


@inproceedings{broder2009online,
  title={Online expansion of rare queries for sponsored search},
  author={Broder, Andrei and Ciccolo, Peter and Gabrilovich, Evgeniy and Josifovski, Vanja and Metzler, Donald and Riedel, Lance and Yuan, Jeffrey},
  booktitle={International Conference on World Wide Web},
  pages={511--520},
  year={2009},
  organization={ACM}
}

@inproceedings{sripada2011coverage,
  title={Coverage patterns for efficient banner advertisement placement},
  author={Sripada, Bhargav and Polepalli, Krishna Reddy and Rage, Uday Kiran},
  booktitle={International Conference Companion on World Wide Web},
  pages={131--132},
  year={2011},
  organization={ACM}
}

@incollection{srinivas2012discovering,
  title={Discovering coverage patterns for banner advertisement placement},
  author={Srinivas, P Gowtham and Reddy, P Krishna and Bhargav, S and Kiran, R Uday and Kumar, D Satheesh},
  booktitle={Pacific-Asia Conference on Knowledge Discovery and Data Mining},
  pages={133--144},
  year={2012},
  publisher={Springer}
}

@incollection{srinivas2013cppg,
  title={Cppg: efficient mining of coverage patterns using projected pattern growth technique},
  author={Srinivas, P Gowtham and Reddy, P Krishna and Trinath, AV},
  booktitle={Trends and Applications in Knowledge Discovery and Data Mining},
  pages={319--329},
  year={2013},
  publisher={Springer}
}

@article{srinivas2014mining,
  title={Mining coverage patterns from transactional databases},
  author={Srinivas, P Gowtham and Reddy, P Krishna and Trinath, AV and Bhargav, S and Kiran, R Uday},
  journal={Journal of Intelligent Information Systems},
  pages={1--17},
  year={2014},
  publisher={Springer}
}

@inproceedings{trinath2014content,
  title={Content specific coverage patterns for banner advertisement placement},
  author={Trinath, AV and Gowtham Srinivas, P and Krishna Reddy, P},
  booktitle={International Conference on Data Science and Advanced Analytics},
  pages={263--269},
  year={2014},
  organization={IEEE}
}



 @inproceedings{bidOpti,
  title={Optimal real-time bidding for display advertising},
  author={Zhang, Weinan and Yuan, Shuai and Wang, Jun},
  booktitle={International Conference on Knowledge Discovery and Data Mining},
  pages={1077--1086},
  year={2014},
  organization={ACM}
}
  
  
@inproceedings{CTREstimate,
   title={Estimating conversion rate in display advertising from past erformance data},
   author={Lee, Kuang-chih and Orten, Burkay and Dasdan, Ali and Li, Wentong},
   booktitle={International Conference on Knowledge Discovery and Data Mining},
   pages={768--776},
   year={2012},
   organization={ACM}
 }
    

 @inproceedings{Context1,
   title={A truthful learning mechanism for contextual multi-slot sponsored search auctions with externalities},
   author={Gatti, Nicola and Lazaric, Alessandro and Trov{\`o}, Francesco},
   booktitle={Conference on Electronic Commerce},
   pages={605--622},
   year={2012},
   organization={ACM}
 
}
    
    
   


 @inproceedings{Context3,
  title={Online learning from click data for sponsored search},
  author={Ciaramita, Massimiliano and Murdock, Vanessa and Plachouras, Vassilis},
  booktitle={International Conference on World Wide Web},
  pages={227--236},
  year={2008},
  organization={ACM}
}




@inproceedings{bidOpti2,
  title={Bid optimizing and inventory scoring in targeted online advertising},
  author={Perlich, Claudia and Dalessandro, Brian and Hook, Rod and Stitelman, Ori and Raeder, Troy and Provost, Foster},
  booktitle={International Conference on Knowledge Discovery and Data Mining},
  pages={804--812},
  year={2012},

}



@inproceedings{onlineVertexMatching,
   title={Online vertex-weighted bipartite matching and single-bid budgeted allocations},
   author={Aggarwal, Gagan and Goel, Gagan and Karande, Chinmay and Mehta, Aranyak},
   booktitle={Symposium on Discrete Algorithms},
   pages={1253--1264},
   year={2011},
   organization={SIAM}
 }











@inproceedings{mladenow2015online,
  title={Online Ad-fraud in search engine advertising campaigns},
  author={Mladenow, Andreas and Novak, Niina Maarit and Strauss, Christine},
  booktitle={Information and Communication Technology-EurAsia Conference},
  pages={109--118},
  year={2015},
  organization={Springer}
}

@incollection{kitts2015click,
  title={Click fraud detection: adversarial pattern recognition over 5 years at Microsoft},
  author={Kitts, Brendan and Zhang, Jing Ying and Wu, Gang and Brandi, Wesley and Beasley, Julien and Morrill, Kieran and Ettedgui, John and Siddhartha, Sid and Yuan, Hong and Gao, Feng and others},
  booktitle={Real World Data Mining Applications},
  pages={181--201},
  year={2015},
  publisher={Springer}
}




@article{mehta2012online,
  title={Online matching and ad allocation},
  author={Mehta, Aranyak},
  journal={Theoretical Computer Science},
  volume={8},
  number={4},
  pages={265--368},
  year={2012},
  publisher={Elsevier}
}


@misc{IAB:Report,
  title={IAB internet advertising revenue report},
  author={Coopers, Price Water House},
  journal={URL http://www. iab. net/insights\_research/industry\_data\_ and\_landscape/adrevenuereport},
  year={2014}
}




@article{jansen2008sponsored,
  title={Sponsored search: an overview of the concept, history, and technology},
  author={Jansen, Bernard J and Mullen, Tracy},
  journal={International Journal of Electronic Business},
  volume={6},
  number={2},
  pages={114--131},
  year={2008},
  publisher={Inderscience Publishers}
}

@inproceedings{lahaie2006analysis,
  title={An analysis of alternative slot auction designs for sponsored search},
  author={Lahaie, S{\'e}bastien},
  booktitle={Conference on Electronic Commerce},
  pages={218--227},
  year={2006},
  organization={ACM}
}


@book{jansen2011understanding,
  title={Understanding sponsored search: Core elements of keyword advertising},
  author={Jansen, Jim},
  year={2011},
  publisher={Cambridge University Press}
}

@inproceedings{choi2010using,
  title={Using landing pages for sponsored search ad selection},
  author={Choi, Yejin and Fontoura, Marcus and Gabrilovich, Evgeniy and Josifovski, Vanja and Mediano, Mauricio and Pang, Bo},
  booktitle={International conference on World Wide Web},
  pages={251--260},
  year={2010},
  organization={ACM}
}


@book{yang2013budget,
  title={Budget constraints and optimization in sponsored search auctions},
  author={Yang, Yanwu and Wang, Feiyue},
  year={2013},
  publisher={Elsevier}
}
@misc{IAB2016,
  title={IAB/PwC digital advertising revenue report Q1 2016. IAB},
  author={IAB, US},
  year={2016}
}






@inproceedings{fuxman2008using,
  title={Using the wisdom of the crowds for keyword generation},
  author={Fuxman, Ariel and Tsaparas, Panayiotis and Achan, Kannan and Agrawal, Rakesh},
  booktitle={International Conference on World Wide Web},
  pages={61--70},
  year={2008},
  organization={ACM}
}

@inproceedings{abhishek2007keyword,
  title={Keyword generation for search engine advertising using semantic similarity between terms},
  author={Abhishek, Vibhanshu and Hosanagar, Kartik},
  booktitle={Conference on Electronic commerce},
  pages={89--94},
  year={2007},
  organization={ACM}
}

@article{jadidinejad2014advertising,
  title={Advertising Keyword Suggestion Using Relevance-Based Language Models from Wikipedia Rich Articles},
  author={Jadidinejad, Amir H and Mahmoudi, Fariborz},
  journal={Journal of Computer \& Robotics},
  volume={7},
  number={2},
  pages={29--35},
  year={2014}
}


@article{survey_ss,
  title={A Survey on Sponsored Search Advertising in Large
Commercial Search Engines},
  author={George Trimponias and Dimitris Papadias},
  publisher={Technical Report. Hong Kong University of Science and Technology},
  year={2013}
  
}


@article{alhabash2017social,
  title={Social Media Advertising},
  author={Alhabash, Saleem and Mundel, Juan and Hussain, Syed Ali},
  journal={Digital Advertising: Theory and Research},
  year={2017},
  publisher={Routledge}
}


@article{Frank:2010,
  title={UCI machine learning repository},
  author={Frank, Andrew and Asuncion, Arthur and others},
  year={2010}
}


@article{srikant1997mining,
  title={Mining generalized association rules},
  author={Srikant, Ramakrishnan and Agrawal, Rakesh},
  journal={Future generation computer systems},
  volume={13},
  number={2-3},
  pages={161--180},
  year={1997},
  publisher={Elsevier}
}
@inproceedings{zaragoza2010web,
  title={Web search solved?: all result rankings the same?},
  author={Zaragoza, Hugo and Cambazoglu, B Barla and Baeza-Yates, Ricardo},
  booktitle={International Conference on Information and Knowledge Management},
  pages={529--538},
  year={2010},
  organization={ACM}
}

@inproceedings{lin2008novel,
  title={A novel website structure optimization model for more effective web navigation},
  author={Lin, Wen-long and Liu, Ye-zheng},
  booktitle={Knowledge Discovery and Data Mining, 2008. WKDD 2008. First International Workshop on},
  pages={36--41},
  year={2008},
  organization={IEEE}
}

@article{garofalakis1999web,
  title={Web site optimization using page popularity},
  author={Garofalakis, John and Kappos, Panagiotis and Mourloukos, Dimitris},
  journal={IEEE Internet Computing},
  volume={3},
  number={4},
  pages={22--29},
  year={1999},
  publisher={IEEE}
}


@inproceedings{bharadwaj2012shale,
  title={SHALE: an efficient algorithm for allocation of guaranteed display advertising},
  author={Bharadwaj, Vijay and Chen, Peiji and Ma, Wenjing and Nagarajan, Chandrashekhar and Tomlin, John and Vassilvitskii, Sergei and Vee, Erik and Yang, Jian},
  booktitle={International Conference on Knowledge Discovery and Data mining},
  pages={1195--1203},
  year={2012},
  organization={ACM}
}

@inproceedings{zhang2014optimal,
  title={Optimal real-time bidding for display advertising},
  author={Zhang, Weinan and Yuan, Shuai and Wang, Jun},
  booktitle={International Conference on Knowledge Discovery and Data mining},
  pages={1077--1086},
  year={2014},
  organization={ACM}
}

@inproceedings{yuan2013real,
  title={Real-time bidding for online advertising: measurement and analysis},
  author={Yuan, Shuai and Wang, Jun and Zhao, Xiaoxue},
  booktitle={International Workshop on Data Mining for Online Advertising},
  pages={3},
  year={2013},
  organization={ACM}
}


@inproceedings{chen2011real,
  title={Real-time bidding algorithms for performance-based display ad allocation},
  author={Chen, Ye and Berkhin, Pavel and Anderson, Bo and Devanur, Nikhil R},
  booktitle={International conference on Knowledge Discovery and Data mining},
  pages={1307--1315},
  year={2011},
  organization={ACM}
}

@inproceedings{sordoni2015hierarchical,
  title={A hierarchical recurrent encoder-decoder for generative context-aware query suggestion},
  author={Sordoni, Alessandro and Bengio, Yoshua and Vahabi, Hossein and Lioma, Christina and Grue Simonsen, Jakob and Nie, Jian-Yun},
  booktitle={International on Conference on Information and Knowledge Management},
  pages={553--562},
  year={2015},
  organization={ACM}
}


@inproceedings{szpektor2011improving,
  title={Improving recommendation for long-tail queries via templates},
  author={Szpektor, Idan and Gionis, Aristides and Maarek, Yoelle},
  booktitle={International Conference on World wide web},
  pages={47--56},
  year={2011},
  organization={ACM}
}

@inproceedings{chakrabarti2007dynamic,
  title={Dynamic personalized pagerank in entity-relation graphs},
  author={Chakrabarti, Soumen},
  booktitle={International Conference on World Wide Web},
  pages={571--580},
  year={2007},
  organization={ACM}
}


@inproceedings{YAGO,
  title={Yago: a core of semantic knowledge},
  author={Suchanek, Fabian M and Kasneci, Gjergji and Weikum, Gerhard},
  booktitle={International Conference on World Wide Web},
  pages={697--706},
  year={2007},
  organization={ACM}
}

@inproceedings{huang2016kb,
  title={KB-Enabled Query Recommendation for Long-Tail Queries},
  author={Huang, Zhipeng and Cautis, Bogdan and Cheng, Reynold and Zheng, Yudian},
  booktitle={International on Conference on Information and Knowledge Management},
  pages={2107--2112},
  year={2016},
  organization={ACM}
}


@inproceedings{ravi2010automatic,
  title={Automatic generation of bid phrases for online advertising},
  author={Ravi, Sujith and Broder, Andrei and Gabrilovich, Evgeniy and Josifovski, Vanja and Pandey, Sandeep and Pang, Bo},
  booktitle={International Conference on Web Search and Data Mining},
  pages={341--350},
  year={2010},
  organization={ACM}
}


@inproceedings{verma2014bringing,
  title={Bringing head closer to the tail with entity linking},
  author={Verma, Manisha and Ceccarelli, Diego},
  booktitle={International Workshop on Exploiting Semantic Annotations in Information Retrieval},
  pages={37--39},
  year={2014},
  organization={ACM}
}


@inproceedings{zhou2012collaborative,
  title={Collaborative ranking: improving the relevance for tail queries},
  author={Zhou, Ke and Li, Xin and Zha, Hongyuan},
  booktitle={International Conference on Information and Knowledge Management},
  pages={1900--1904},
  year={2012},
  organization={ACM}
}


@inproceedings{song2010optimal,
  title={Optimal rare query suggestion with implicit user feedback},
  author={Song, Yang and He, Li-wei},
  booktitle={International Conference on World wide web},
  pages={901--910},
  year={2010},
  organization={ACM}
}

@article{chau2005analysis,
  title={Analysis of the query logs of a web site search engine},
  author={Chau, Michael and Fang, Xiao and Liu Sheng, Olivia R},
  journal={Journal of the American Society for Information Science and Technology},
  volume={56},
  number={13},
  pages={1363--1376},
  year={2005},
  publisher={Wiley Online Library}
}

@article{jansen2011bidding,
  title={Bidding on the buying funnel for sponsored search and keyword advertising},
  author={Jansen, Bernard J and Schuster, Simone},
  journal={Journal of Electronic Commerce Research},
  volume={12},
  number={1},
  pages={1},
  year={2011},
  publisher={Journal of Electronic Commerce Research}
}

@article{katona2010race,
  title={The race for sponsored links: Bidding patterns for search advertising},
  author={Katona, Zsolt and Sarvary, Miklos},
  journal={Marketing Science},
  volume={29},
  number={2},
  pages={199--215},
  year={2010},
  publisher={INFORMS}
}

@inproceedings{li2014search,
  title={Search engine click spam detection based on bipartite graph propagation},
  author={Li, Xin and Zhang, Min and Liu, Yiqun and Ma, Shaoping and Jin, Yijiang and Ru, Liyun},
  booktitle={International Conference on Web search and data mining},
  pages={93--102},
  year={2014},
  organization={ACM}
}

@inproceedings{graepel2010web,
  title={Web-scale bayesian click-through rate prediction for sponsored search advertising in microsoft's bing search engine},
  author={Graepel, Thore and Candela, Joaquin Q and Borchert, Thomas and Herbrich, Ralf},
  booktitle={International Conference on Machine Learning},
  pages={13--20},
  year={2010}
}



@article{mehta2007adwords,
  title={Adwords and generalized online matching},
  author={Mehta, Aranyak and Saberi, Amin and Vazirani, Umesh and Vazirani, Vijay},
  journal={Journal of the ACM},
  volume={54},
  number={5},
  pages={22},
  year={2007},
  publisher={ACM}
}


@inproceedings{raghavan2008evaluating,
  title={Evaluating vector-space and probabilistic models for query to ad matching},
  author={Raghavan, Hema and Iyer, Rukmini},
  booktitle={SIGIR Workshop on Information Retrieval in Advertising},
  year={2008}
}





    
    
 @inproceedings{CTREstimateNewAds,
  title={Predicting clicks: estimating the click-through rate for new ads},
  author={Richardson, Matthew and Dominowska, Ewa and Ragno, Robert},
  booktitle={International Conference on World Wide Web},
  pages={521--530},
  year={2007},
  publisher={ACM}
}
  
 
    
    
   


@inproceedings{budhiraja2015approach,
  title={An approach to cover more advertisers in adwords},
  author={Budhiraja, Amar and Reddy, P Krishna},
  booktitle={Data Science and Advanced Analytics (DSAA), 2015. 36678 2015. IEEE International Conference on},
  pages={1--10},
  year={2015},
  organization={IEEE}
}

@inproceedings{budhiraja2017improved,
  title={An Improved Approach for Long Tail Advertising in Sponsored Search},
  author={Budhiraja, Amar and Reddy, P Krishna},
  booktitle={International Conference on Database Systems for Advanced Applications},
  pages={169--184},
  year={2017},
  organization={Springer}
}